@string{ACTS            = "Advanced Communications Technologies and Services (ACTS) Mobile Communication Summit"}
@string{ACTS_1996       = "Proc.\ 1st~" # ACTS}
@string{ASPLOS          = "ACM International Conference on Architectural Support for Programming Languages and Operating Systems (ASPLOS)"}
@string{ASPLOS_1996     = "Proc.\ 7th ASPLOS"}
@string{ASPLOS_2000     = "Proc.\ 9th ASPLOS"}
@string{BCR             = "Business Communications Review"}
@string{CACM            = "Communications of the ACM"}
@string{COMPUTER        = "IEEE Computer"}
@string{COMPUTER_NET    = "Computer Networks"}
@string{CCR             = "ACM SIGCOMM Computer Communication Review"}
@string{DANCE           = "Proc.\ DARPA Active Networks Conference and Exposition"}
@string{DANCE_2002      = DANCE # "\ (DANCE 2002)"}
@string{EWSCDA_1998     = "Proc.\ 8th ACM SIGOPS European Workshop on Support for Composing Distributed Applications"}
@string{HOTI            = "A symposium on high performance interconnects"}
@string{HOTI_1999       = "Hot Interconnects 7:\ " # HOTI}
@string{HOTNETS_2002    = "Proc.\ HotNets--I"}
@string{HOTNETS_2003    = "Proc.\ HotNets--II"}
@string{HOTOS           = "Workshop on Hot Topics in Operating Systems"}
@string{HOTOS_1999      = "Proc.\ 7th~" # HOTOS # " (HotOS--VII)"}
@string{HOTOS_2001      = "Proc.\ 8th~" # HOTOS # " (HotOS--VIII)"}
@string{ICC             = "Proc.\ IEEE International Conference on Communications"}
@string{ICC_2002        = ICC # "\ (ICC 2002)"}
@string{ICFP            = "SIGPLAN International Conference on Functional Programming Languages"}
@string{ICFP_1998       = "Proc.\ 3rd ACM\ " # ICFP}
@string{ICDCS           = "International Conference on Distributed Computing Systems (ICDCS)"}
@string{ICDCS_1988      = "Proc.\ 8th ICDCS"}
@string{ICDCS_2000      = "Proc.\ 20th ICDCS"}
@string{ICNP            = "IEEE International Conference on Networking Protocols"} 
@string{ICNP_2003       = "Proc.\ 11th ICNP"}
@string{ICS             = "ACM International Conference on Supercomputing"}
@string{ICS_1990        = "Proc.\ 4th~" # ICS}
@string{ICMCS_1994      = "Int.\ Conf.\ Multimedia Computing \& Systems"}
@string(IJPDSN          = "International Journal of Parallel and Distributed Systems and Networks")
@string{INFOCOM_2000    = "Proc.\ INFOCOM 2000"}
@string{INFOCOM_2002    = "Proc.\ INFOCOM 2002"}
@string{INFOCOM_2004    = "Proc.\ INFOCOM 2004"}
@string{INFOCOM_2010    = "Proc.\ INFOCOM 2010"}
@string{IPTPS_2002      = "Proc.\ 1st Int.\ Workshop on Peer-to-Peer Systems (IPTPS'02)"}
@string{ISCA            = "Annual ACM/IEEE International Symposium on Computer Architecture (ISCA)"}
@string{ISCA_1998       = "Proc.\ 25th~" # ISCA}
@string{JSAC            = "IEEE J.\ Sel.\ Areas Comm."}
@string{LISA            = "Systems Administration Conference"}
@string{LISA_1997       = "Proc.\ 11th~" # LISA # "\ (LISA '97)"}
@string{LISA_2007       = "Proc.\ 21st~" # LISA # "\ (LISA '07)"}
@string{MICRO           = "IEEE Micro"}
@string{MIDDLEWARE      = "IFIP/ACM International Conference on Distributed Systems Platforms"}
@string{MIDDLEWARE_2001 = "Proc.\ 18th Middleware"}
@string{MUG             = "Myrinet User Group Conference"}
@string{MUG_2000        = "Proc.\ First~" # MUG # "\ (MUG 2000)"}
@string{NOSSDAV         = "Network and Operating System Support for Digital Audio and Video (NOSSDAV)"}
@string{NOSSDAV_1997    = "Proc.\ 7th International Workshop on\ " # NOSSDAV}
@string{NOSSDAV_1998    = "Proc.\ 8th International Workshop on\ " # NOSSDAV}
@string{OLS             = "Ottawa Linux Symposium"}
@string{OLS_2003        = "Proc.\ OLS 2003"}
@string{OPENARCH        = "International Conference on Open Architectures and Network Programming (OPENARCH)"}
@string{OPENARCH_2001   = "Proc.\ 4th~" # OPENARCH}
@string{OPENARCH_2002   = "Proc.\ 5th~" # OPENARCH}
@string{OSDI            = "Operating System Design and Implementation (OSDI)"}
@string{OSDI_1994       = "Proc.\ 1st OSDI"}
@string{OSDI_1996       = "Proc.\ 2nd OSDI"}
@string{OSDI_1999       = "Proc.\ 3rd OSDI"}
@string{OSDI_2002       = "Proc.\ 5th OSDI"}
@string{OSDI_2006       = "Proc.\ 7th OSDI"}
@string{NSDI_2004       = "Proc.\ 1st NSDI"}
@string{NSDI_2005       = "Proc.\ 2nd NSDI"}
@string{NSDI_2006       = "Proc.\ 3rd NSDI"}
@string{NSDI_2009       = "Proc.\ 6th NSDI"}
@string{OSR             = "Operating Systems Review"}
@string{PERVASIVE       = "International Conference on Pervasive Computing"}
@string{PERVASIVE_2002  = "Proc.\ Pervasive 2002"}
@string{NETWORKING      = "International IFIP--TC6 Networking Conference"}
@string{NETWORKING_2002 = "Proc.\ 2nd~" # NETWORKING # "\ (NETWORKING 2002)"}
@string{SANE_2000       = "Proc.\ 2nd Int.\ SANE Conf."}
@string{RFC             = "Internet Req.\ for Cmts."}
@string{SIGCOMM_1988    = "Proc.\ SIGCOMM '88"}
@string{SIGCOMM_1992    = "Proc.\ SIGCOMM '92"}
@string{SIGCOMM_1994    = "Proc.\ SIGCOMM '94"}
@string{SIGCOMM_1996    = "Proc.\ SIGCOMM '96"}
@string{SIGCOMM_1997    = "Proc.\ SIGCOMM '97"}
@string{SIGCOMM_1998    = "Proc.\ SIGCOMM '98"}
@string{SIGCOMM_1999    = "Proc.\ SIGCOMM '99"}
@string{SIGCOMM_2001    = "Proc.\ SIGCOMM 2001"}
@string{SIGMETRICS      = "Proc.\ SIGMETRICS\ "}
@string{SIGMETRICS_2000 = SIGMETRICS # "2000"}
@string{SIGMETRICS_2001 = SIGMETRICS # "2001"}
@string{SIGPLAN_NOTICES = "ACM SIGPLAN Notices"}
@string{SOSP            = "Symposium on Operating Systems Principles (SOSP)"}
@string{SOSP_1995       = "Proc.\ 15th SOSP"}
@string{SOSP_1999       = "Proc.\ 17th SOSP"}
@string{SOSP_2001       = "Proc.\ 18th SOSP"}
@string{SOSP_2003       = "Proc.\ 19th SOSP"}
@string{TOCS            = "ACM Transactions on Computer Systems"}
@string{TON             = "IEEE/ACM Transactions on Networking"}
@string{USENIX          = "USENIX Annual Technical Conference"}
@string{USENIX_SEC      = "USENIX Security Symposium"}
@string{USENIX_2005     = "Proc.\ USENIX '05"}
@string{USENIX_2004     = "Proc.\ USENIX '04"}
@string{USENIX_2002     = "Proc.\ USENIX '02"}
@string{USENIX_1996     = "Proc.\ USENIX '96"}
@string{USENIX_WTC_1988 = "Proc.\ USENIX Winter Technical Conference '88"}
@string{USS_1999        = "Proc.\ 8th " # USENIX_SEC}
@string{USS_2002        = "Proc.\ 11th " # USENIX_SEC}
@string{USS_2003        = "Proc.\ 12th " # USENIX_SEC}
@string{USITS           = "USENIX Symposium on Internet Technologies"}
@string{USITS_2003      = "Proc.\ 4th USITS"}
@string{WISP            = "Workshop on Internet Server Performance"}
@string{WISP_1998       =" Proc.\ " # WISP # " 1998"}
@string{WORLDS_2004     ="Proc. of the 1st Workshop on Real, Large Distributed Systems"}
@string{WSS             = "USENIX Windows Sys.\ Symp."}
@string{WSS_2000        = "Proc.\ 4th~" # WSS}
@string{WWOS            = "Workshop on Workstation Operating Systems"}
@string{WWOS_1992       = "Proc.\ 3rd " # WWOS}

@string{ALASKA          = "AK"}
@string{ARIZONA         = "AZ"}
@string{CALIFORNIA      = "CA"}
@string{COLORADO        = "CO"}
@string{GEORGIA         = "GA"}
@string{LOUISIANA       = "LA"}
@string{MARYLAND        = "MD"}
@string{MASSACHUSETTS   = "MA"}
@string{MISSOURI        = "MO"}
@string{NEW_JERSEY      = "NJ"}
@string{NEW_MEXICO      = "NM"}
@string{NEW_YORK        = "NY"}
@string{OREGON          = "OR"}
@string{PENNSYLVANIA    = "PA"}
@string{SOUTH_CAROLINA  = "SC"}
@string{TEXAS           = "TX"}
@string{WASHINGTON      = "WA"}
@string{WISCONSIN       = "WI"}

@string{BOSTON               = "Boston,\ " # MASSACHUSETTS}
@string{DALLAS               = "Dallas,\ " # TEXAS}
@string{SAN_FRANCISCO        = "San Francisco,\ " # CALIFORNIA}
@string{WASHINGTON_DC        = "Washington,\ DC"}

@string{ACTS_1996_ADDR       = "Granada, Spain"}
@string{ASPLOS_1996_ADDR     = "Cambridge,\ " # MASSACHUSETTS}
@string{ASPLOS_2000_ADDR     = "Cambridge,\ " # MASSACHUSETTS}
@string{DANCE_2002_ADDR      = SAN_FRANCISCO}
@string{EWSCDA_1998_ADDR     = "Sintra, Portugal"}
@string{HOTI_1999_ADDR       = "Stanford,\ " # CALIFORNIA}
@string{HOTNETS_2002_ADDR    = "Princeton,\ " # NEW_JERSEY}
@string{HOTNETS_2003_ADDR    = "Cambridge,\ " # MASSACHUSETTS}
@string{HOTOS_1999_ADDR      = "Rio Rico,\ " # ARIZONA}
@string{HOTOS_2001_ADDR      = "Oberbayern, Germany"}
@string{ICFP_1998_ADDR       = "Baltimore,\ " # MARYLAND}
@string{ICDCS_1988_ADDR      = "San Jose,\ " # CALIFORNIA}
@string{ICDCS_2000_ADDR      = "Taipei, Taiwan"}
@string{ICC_2002_ADDR        = "New York City"}
@string{ICMCS_1994_ADDR      = "Boston,\ " # MASSACHUSETTS}
@string{ICNP_2003_ADDR       = "Atlanta,\ " # GEORGIA}
@string{ICS_2002_ADDR        = "New York City"}
@string{ICS_1988_ADDR        = "Saint Malo, France"}
@string{ICS_1989_ADDR        = "Crete, Greece"}
@string{ICS_1990_ADDR        = "Amsterdam, The Netherlands"}
@string{ICS_1991_ADDR        = "Cologne, West Germany"}
@string{ICS_1992_ADDR        = "Washington, DC"}
@string{ICS_1993_ADDR        = "Tokyo, Japan"}
@string{ICS_1994_ADDR        = "Manchester, England"}
@string{ICS_1995_ADDR        = "Barcelona, Spain"}
@string{ICS_1996_ADDR        = "Philadelphia,\ " # PENNSYLVANIA}
@string{ICS_1997_ADDR        = "Vienna, Austria"}
@string{ICS_1998_ADDR        = "Melbourne, Australia"}
@string{ICS_1999_ADDR        = "Rhodes, Greece"}
@string{ICS_2000_ADDR        = "Santa Fe,\ " # NEW_MEXICO}
@string{ICS_2001_ADDR        = "Sorrento, Italy"}
@string{INFOCOM_2000_ADDR    = "Tel-Aviv, Israel"}
@string{INFOCOM_2002_ADDR    = "New York City"}
@string{INFOCOM_2004_ADDR    = "Hong Kong"}
@string{INFOCOM_2010_ADDR    = "San Diego"}
@string{IPTPS_2002_ADDR      = "Cambridge,\ " # MASSACHUSETTS}
@string{IBM_THOMAS_J_WATSON = "Yorktown\ Heights, " # NEW_YORK}
@string{ISCA_1998_ADDR       = "Barcelona, Spain"}
@string{LISA_1997_ADDR       = "San Diego,\ " # CALIFORNIA}
@string{LISA_2007_ADDR       = "Dallas,\ " # TEXAS}
@string{MIDDLEWARE_2001_ADDR = "Heidelberg, Germany"}
@string{MUG_2000_ADDR        = "Lyon, France"}
@string{NETWORKING_2002_ADDR = "Pisa, Italy"}
@string{NOSSDAV_1997_ADDR    = "St.~Louis,\ " # MISSOURI}
@string{NOSSDAV_1998_ADDR    = "Cambridge, UK"}
@string{OLS_ADDR             = "Ottawa, Ontario, Canada"}
@string{OPENARCH_2001_ADDR   = "Anchorage,\ " # ALASKA}
@string{OPENARCH_2002_ADDR   = "New York City"}
@string{OSDI_1994_ADDR       = "Monterey,\ " # CALIFORNIA}
@string{OSDI_1996_ADDR       = "Seattle,\ " # WASHINGTON}
@string{OSDI_1999_ADDR       = "New Orleans,\ " # LOUISIANA}
@string{OSDI_2002_ADDR       = "Boston,\ " # MASSACHUSETTS}
@string{OSDI_2006_ADDR       = "Seattle,\ " # WASHINGTON}
@string{OREILLY_ADDR         = "Sebastopol,\ " # CALIFORNIA}
@string{NSDI_2004_ADDR       = "San Francisco,\ " # CALIFORNIA}
@string{NSDI_2005_ADDR       = "Boston,\ " # MASSACHUSETTS}
@string{NSDI_2006_ADDR       = "San Jose,\ " # CALIFORNIA}
@string{NSDI_2009_ADDR       = "Boston,\ " # MASSACHUSETTS}
@string{PERVASIVE_2002_ADDR  = "Zurich, Switzerland"}
@string{SANE_2000_ADDR       = "Maastricht, The Netherlands"}
@string{SIGCOMM_1988_ADDR    = "Stanford,\ " # CALIFORNIA}
@string{SIGCOMM_1992_ADDR    = "Baltimore,\ " # MARYLAND}
@string{SIGCOMM_1994_ADDR    = "London"}
@string{SIGCOMM_1996_ADDR    = "Stanford,\ " # CALIFORNIA}
@string{SIGCOMM_1997_ADDR    = "Cannes, France"}
@string{SIGCOMM_1998_ADDR    = "Vancouver, British Columbia, Canada"}
@string{SIGCOMM_1999_ADDR    = "Cambridge,\ " # MASSACHUSETTS}
@string{SIGCOMM_2001_ADDR    = "San Diego,\ " # CALIFORNIA}
@string{SIGMETRICS_2000_ADDR = "Santa Clara,\ " # CALIFORNIA}
@string{SIGMETRICS_2001_ADDR = "Cambridge,\ " # MASSACHUSETTS}
@string{SOSP_1995_ADDR       = "Copper Mountain Resort,\ " # COLORADO}
@string{SOSP_1999_ADDR       = "Kiawah Island Resort,\ " # SOUTH_CAROLINA}
@string{SOSP_2001_ADDR       = "Banff, Alberta, Canada"}
@string{SOSP_2003_ADDR       = "Lake George,\ " # NEW_YORK}
@string{USENIX_2005_ADDR     = "Anaheim,\ " # CALIFORNIA}
@string{USENIX_2004_ADDR     = "Boston,\ " # MASSACHUSETTS}
@string{USENIX_WTC_1988_ADDR = "Dallas,\ " # TEXAS}
@string{USITS_2003_ADDR      = "Seattle,\ " # WASHINGTON}
@string{WISP_1998_ADDR       = "Madison,\ " # WISCONSIN}
@string{WSS_2000_ADDR        = "Seattle,\ " # WASHINGTON}

@string{JANUARY    = "Jan"}
@string{FEBRUARY   = "Feb"}
@string{MARCH      = "Mar"}
@string{APRIL      = "Apr"}
@string{MAY        = "May"}
@string{JUNE       = "Jun"}
@string{JULY       = "Jul"}
@string{AUGUST     = "Aug"}
@string{SEPTEMBER  = "Sep"}
@string{OCTOBER    = "Oct"}
@string{NOVEMBER   = "Nov"}
@string{DECEMBER   = "Dec"}

@Misc{VICCI,
	key	= "VICCI",
	title   = "{VICCI: VIrtual Cloud Computing Infrastructure}",
        note    = "\url{http://www.vicci.org/}"
}

@Misc{Silverlight,
	key	= "Silverlight",
	title   = "{Microsoft Silverlight}",
        note    = "\url{http://www.microsoft/silverlight/}"
}

@Misc{Dropbox,
	key	= "Dropbox",
	title   = "{Dropbox}",
        note    = "\url{http://www.dropbox.com/}"
}

@Misc{Box.net,
	key	= "Box.net",
	title   = "{Box.net}",
        note    = "\url{http://www.box.net/}"
}

@Misc{GenBank,
	key	= "GenBank",
	title   = "{GenBank}",
        note    = "\url{http://www.ncbi.nlm.nih.gov/genbank/}"
}

@Misc{metagenomics,
   key   = "Metagenomics MG-RAST",
   title   = "{Metagenomics MG-RAST}",
   note    = "\url{http://metagenomics.anl.gov/}"
}

@Misc{1000genomes,
   key = "1000 Genomes: A Deep Catalog of Human Genetic Variation",
   title = "{1000 Genomes: A Deep Catalog of Human Genetic Variation}",
   note = "\url{http://www.1000genomes.org/}"
}

@Misc{treeoflife,
   key = "Tree of Life Web Project",
   title = "{Tree of Life Web Project}",
   note = "\url{http://tolweb.org}"
}

@Misc{common-crawl,
   key   = "Common Crawl",
   title   = "{Common Crawl}",
        note    = "\url{https://drive.google.com/}"
}

@Misc{mlab,
   key   = "Measurement Lab",
   title   = "{Measurement Lab}",
        note    = "\url{http://www.measurementlab.net/}"
}

@Misc{google-drive,
   key   = "Google Drive",
   title   = "{Google Drive}",
        note    = "\url{http://www.measurementlab.net/}"
}
 
                  
@Misc{aws-overview,
	key			 = "Amazon Web Services",
	title        = "{Overview of Amazon Web Services}",
   note         = "\url{https://d36cz9buwru1tt.cloudfront.net/AWS_Overview.pdf}",
}

@Misc{vcoblitz,
	key          = "Verivue Hypercache",
   title        = "{OneVantage Hypercache}",
   note         = "\url{http://www.verivue.com/pdf/verivue-hypercache.pdf}"
}

@manual{filebench,
   key          = "FileBench",
   title        = "{FileBench}",
   Organization = "{OpenSolaris}",
   edition      = "1.4.9.1",
   note         = "\url{http://downloads.sourceforge.net/project/filebench/filebench/filebench-1.4.9.1/filebench-1.4.9.1.tar.gz}",
    year        = "2011"
}

@Misc{fuse-tutorial,
   Title        = "Writing a FUSE Filesystem: a Tutorial",
	Author       = "Joseph J. Pfeiffer, Jr.",
	note         = "\url{http://www.cs.nmsu.edu/~pfeiffer/fuse-tutorial.tgz}"
}

@Manual{cloudfront,
   key         = "Amazon Cloudfront",
   Title       = "Amazon Cloudfront Getting Started Guide",
   Organization = "Amazon.com",
   edition     = "API Version 2010-2011",
   note        = "\url{http://awsdocs.s3.amazonaws.com/CF/20101101/cf_gsg_20101101.pdf}",
   year        = "2011"
}

@Misc{slashdot-effect,
   Title       = "The Slashdot Effect:  An Analysis of Three Internet Publications",
   Author      = "Stephen Adler",
   note        = "\url{http://hup.hu/old/stuff/slashdotted/SlashDotEffect.htm}"
}

@Misc{HTTP-RFC,
   Key         = "HTTP-RFC",
   Title       = "Hypertext Transfer Protocol -- HTTP 1.1",
   Organization = "W3C",
   note        = "\url{http://www.w3.org/Protocols/rfc2616/rfc2616.html}"
}

@Misc{WebDAV,
   Key		= "WebDAV",
   Title	= "HTTP Extensions for Distributed Authoring -- WEBDAV",
   Organization = "IETF",
   note 	= "\url{http://www.ietf.org/rfc/rfc2518.txt}",
}

@Misc{CalDAV,
   Key		= "CalDAV",
   Title	= "Calendaring Extensions to WebDAV (CalDAV)",
   Organization = "IETF",
   note 	= "\url{http://www.ietf.org/rfc/rfc4791.txt}",
}


@Misc{HLS,
   Key         = "HLS",
   Title       = "{HTTP Live Streaming}",
   Organization = "Apple",
   note        = "\url{http://tools.ietf.org/html/draft-pantos-http-live-streaming-08}",
   month       = mar,
   year        = 2012
}

@Misc{FUSE,
   key         = "Filesystems in Userspace",
   Title       = "{Filesystems in Userspace}",
   Organization = "Linux Foundation",
   note         = "\url{http://fuse.sourceforge.net}",
}

@Misc{libmicrohttpd,
   key         = "GNU libmicrohttpd",
   Organization = "Free Software Foundation",
   Author      = "Christian Grothoff",
   note        = "\url{https://www.gnu.org/software/libmicrohttpd/}"
}

@Misc{cURL,
   key        = "cURL",
   Organization = "haxx.se", 
   Author    = "Daniel Stenberg",
   note       = "\url{http://curl.haxx.se/libcurl/}",
}

@Misc{Apache,
   key        = "Apache",
   Organization = "Apache Software Foundation",
   note      = "\url{https://wiki.apache.org/httpd/Htaccess}",
   Author    = "Robert McCool"
}

@Misc{IIS,
   key        = "IIS",
   Organization = "Microsoft, Inc.",
   note      = "\url{http://www.iis.net}",
}

@Misc{httpress,
   key         = "httpress",
   Organization = "Lighttpd",
   note         = "\url{https://bitbucket.org/yarosla/httpress/wiki/Home}",
   Author     = "Yaroslav Stavnichiy",
}

@Misc{libev,
   key 		= "libev",
   note		= "\url{http://software.schmorp.de/pkg/libev.html}",
   Author       = "Marc Lehmann and Emanuele Giaquinta",
}

@Misc{webfs,
   key = "WebFS: A Global Cache Coherent File System",
   Organization = "University of California at Berkeley",
   Author = "Amin M. Vahdat and Paul C. Eastham and Thomas E. Anderson",
   note = "\url{http://www.cs.duke.edu/~vahdat/webfs/webfs.html}",
}

@Misc{squid,
   key = "Squid Web Proxy",
   title = "Squid Web Proxy",
   note = "\url{http://www.squid-cache.org/}"
}

@Misc{GeoIP,
   key = "GeoIP",
   Organization = "MaxMind",
   note = "\url{http://www.maxmind.com/app/c}"
}

@techreport{cern-vm-fs,
   key = "CERN",
   Author          = "{Jakob Blomer and Predrag Buncic}",
    title           = "{The CERN VM File System}",
    Institution     = "CERN",
    Month           = JUNE,
    Year            = 2011,
    type            = "Technical Report"
}


techreport{GlusterFS,
    key = "GlusterFS",
    title           = "Gluster File System Architecture",
    Institution     = "Gluster, Inc.",
    Year            = 2010,
    type            = "White Paper"
}

@InProceedings{PlanetLab,
   Author       = "Larry Peterson and Andy Bavier and Marc Fiuczynski and
                   Steve Muir",
   Title        = "{Experiences Building PlanetLab}",
   Booktitle    = "Proc.\ 7th Operating System Design and Implementation 
                   (OSDI)",
   Address      = "Seattle, Washington",
   Month        = nov,
   Year         = 2006
}

@InProceedings{Collective,
   Author       = "R. Chandra and N. Zeldovich and C. Sapuntzakis and M. Lam",
   Title        = "The collective: a cache-based system management architecture",
   Booktitle    = "Proc.\ 2nd Conference on Symposium on Networked Systems 
                   Design and Implementation (NSDI)",
   Address      = "Boston, MA",
   Month        = may,
   Year         = 2005
}
                  
@InProceedings{codeen,
   Author = "Limin Wang and Kyong Soo Park and Ruoming Pang and Vivek Pai and Larry Peterson",
   Title = "Reliability and security in the CoDeeN content distribution network",
   Booktitle = USENIX_2004,
   Address = USENIX_2004_ADDR,
   Year = 2004
}

@InProceedings{ceph,
   Author = "Sage A. Weil and Scott A. Brandt and Ethan L. Miller and Darrell D. E. Long and Carlos Maltzahn",
   Title = "Ceph: A Scalable, High-Performance Distributed File System",
   Booktitle = OSDI_2006,
   Address  = OSDI_2006_ADDR,
   Year = 2006
}


@InProceedings{coblitz,
   Author      = "Kyong Soo Park and Vivek Pai",
   Title       = "{Scale and Performance in the CoBlitz Large-File Distribution Service}",
   Booktitle   = NSDI_2006,
   Address     = NSDI_2006_ADDR,
   Year        = 2006
}

@InProceedings{coralcdn,
   Author     = "Michael J. Freedman",
   Title      = "{Experiences with CoralCDN: A Five-Year Operational View}",
   Booktitle  = NSDI_2005,
   Address    = NSDI_2005_ADDR,
   Year       = 2005
}

@InProceedings{shark,
   Author    = "Siddhartha Annapureddy and Michael J. Freedman and Daved Mazieres",
   Title     = "Shark: Scaling File Servers via Cooperative Caching",
   Booktitle = NSDI_2005,
   Address   = NSDI_2005_ADDR,
   Year      = 2005
}

@InProceedings{WheelFS,
   Author   = "Jeremy Stribling and Yair Sovran and Irene Zhang and Xavid Pretzer and Jinyang Li and M. Frans Kaashoek and Robert Morris",
   Title = "Flexible, Wide-Area Storage for Distributed Systems with WheelFS",
   Booktitle = NSDI_2009,
   Address = NSDI_2009_ADDR,
   Year = 2009
}

@InProceedings{AFS,
   Author  = "John H. Howard",
   Title = "An Overview of the Andrew File System",
   Booktitle = USENIX_WTC_1988,
   Address = USENIX_WTC_1988_ADDR,
   Year = 1988
}

@InProceedings{SFS,
   Author = "David Mazieres and Michael Kaminsky and M. Frans Kasshoek and Emmitt Witchel",
   Title = "Separating Key Management from File System Security",
   Booktitle = SOSP_1999,
   Address = SOSP_1999_ADDR,
   Year = 1999
}

@InProceedings{coral,
   Author = "Michael J. Freedman and E. Freudenthal and David Mazieres",
   Title = "Democratizing Content Publication with Coral",
   Booktitle = NSDI_2004,
   Address = NSDI_2004_ADDR,
   Year = 2004
}

@InProceedings{femtohaul,
   Author = "Ayaskant Rath and Sha Hua and Shivendra S. Panwar",
   Title = "FemtoHaul: Using Femtocells with Relays to Increase Macrocell Backhaul Bandwidth",
   Booktitle = INFOCOM_2010,
   Address = INFOCOM_2010_ADDR,
   Year = 2010
}

@article{wang99-survey,
 author = {Wang, Jia},
 title = {A survey of web caching schemes for the Internet},
 journal = {SIGCOMM Comput. Commun. Rev.},
 issue_date = {October 1999},
 volume = {29},
 number = {5},
 month = oct,
 year = {1999},
 issn = {0146-4833},
 pages = {36--46},
 numpages = {11},
 url = {http://doi.acm.org/10.1145/505696.505701},
 doi = {10.1145/505696.505701},
 acmid = {505701},
 publisher = {ACM},
 address = {New York, NY, USA},
}

@article{podlipnig03-survey,
 author = {Podlipnig, Stefan and B\"{o}sz\"{o}rmenyi, Laszlo},
 title = {A survey of Web cache replacement strategies},
 journal = {ACM Comput. Surv.},
 issue_date = {December 2003},
 volume = {35},
 number = {4},
 month = dec,
 year = {2003},
 issn = {0360-0300},
 pages = {374--398},
 numpages = {25},
 url = {http://doi.acm.org/10.1145/954339.954341},
 doi = {10.1145/954339.954341},
 acmid = {954341},
 publisher = {ACM},
 address = {New York, NY, USA},
 keywords = {Web caching, replacement strategies},
} 

@TECHREPORT{raunak99,
    author = {Mohammad Salimullah Raunak},
    title = {A Survey of Cooperative Caching},
    institution = {},
    year = {1999}
}

@article{Androutsellis-Theotokis04,
 author = {Androutsellis-Theotokis, Stephanos and Spinellis, Diomidis},
 title = {A survey of peer-to-peer content distribution technologies},
 journal = {ACM Comput. Surv.},
 issue_date = {December 2004},
 volume = {36},
 number = {4},
 month = dec,
 year = {2004},
 issn = {0360-0300},
 pages = {335--371},
 numpages = {37},
 url = {http://doi.acm.org/10.1145/1041680.1041681},
 doi = {10.1145/1041680.1041681},
 acmid = {1041681},
 publisher = {ACM},
 address = {New York, NY, USA},
 keywords = {Content distribution, DHT, DOLR, grid computing, p2p, peer-to-peer},
} 

@ARTICLE{shim99, 
author={Shim, J. and Scheuermann, P. and Vingralek, R.}, 
journal={Knowledge and Data Engineering, IEEE Transactions on}, title={Proxy cache algorithms: design, implementation, and performance}, 
year={1999}, 
volume={11}, 
number={4}, 
pages={549-562}, 
keywords={Internet;cache storage;data integrity;information resources;software performance evaluation;Apache code base;World Wide Web;cache consistency algorithms;cache maintenance algorithm;cache replacement algorithms;delay;document;experimental study;performance;proxy cache algorithms;proxy servers;response time;Algorithm design and analysis;Delay;Helium;Heuristic algorithms;Measurement;TV;Telephony;Web server;Web services;Web sites}, 
doi={10.1109/69.790804}, 
ISSN={1041-4347},}

@incollection{sloppy-dht,
year={2003},
isbn={978-3-540-40724-9},
booktitle={Peer-to-Peer Systems II},
volume={2735},
series={Lecture Notes in Computer Science},
editor={Kaashoek, M.Frans and Stoica, Ion},
doi={10.1007/978-3-540-45172-3_4},
title={Sloppy Hashing and Self-Organizing Clusters},
url={http://dx.doi.org/10.1007/978-3-540-45172-3_4},
publisher={Springer Berlin Heidelberg},
author={Freedman, MichaelJ. and Maziéres, David},
pages={45-55}
}

@article{karger99,
title = "Web caching with consistent hashing",
journal = "Computer Networks",
volume = "31",
number = "11â€“16",
pages = "1203 - 1213",
year = "1999",
note = "",
issn = "1389-1286",
doi = "10.1016/S1389-1286(99)00055-9",
url = "http://www.sciencedirect.com/science/article/pii/S1389128699000559",
author = "David Karger and Alex Sherman and Andy Berkheimer and Bill Bogstad and Rizwan Dhanidina and Ken Iwamoto and Brian Kim and Luke Matkins and Yoav Yerushalmi",
keywords = "Caching",
keywords = "Hashing",
keywords = "Load balancing"
}

@article{cdn-redirect,
 author = {Wang, Limin and Pai, Vivek and Peterson, Larry},
 title = {The effectiveness of request redirection on CDN robustness},
 journal = {SIGOPS Oper. Syst. Rev.},
 issue_date = {Winter 2002},
 volume = {36},
 number = {SI},
 month = dec,
 year = {2002},
 issn = {0163-5980},
 pages = {345--360},
 numpages = {16},
 url = {http://doi.acm.org/10.1145/844128.844160},
 doi = {10.1145/844128.844160},
 acmid = {844160},
 publisher = {ACM},
 address = {New York, NY, USA},
} 

@INPROCEEDINGS{breslau99,
author={Breslau, L. and Pei Cao and Li Fan and Phillips, G. and Shenker, S.}, 
booktitle={INFOCOM '99. Eighteenth Annual Joint Conference of the IEEE Computer and Communications Societies. Proceedings. IEEE}, title={Web caching and Zipf-like distributions: evidence and implications}, 
year={1999}, 
volume={1}, 
pages={126-134 vol.1}, 
keywords={cache storage;correlation methods;information resources;statistical analysis;Web caching;Web page size;Web proxy traces;Web requests;Zipf's law;Zipf-like distributions;access frequency;asymptotic behaviour;asymptotic properties;cache hierarchy design;cache replacement algorithms;cache resource planning;experimental observations;hit-ratios;page request distribution;real trace data;reference probability;short-term correlations;temporal locality;weak correlation;Computer science;Explosives;Frequency;Internet;Web pages;Web sites}, 
doi={10.1109/INFCOM.1999.749260}, 
ISSN={0743-166X},}

@INPROCEEDINGS{Liu97, 
author={Chengjie Liu and Pei Cao}, 
booktitle={Distributed Computing Systems, 1997., Proceedings of the 17th International Conference on}, title={Maintaining strong cache consistency in the World-Wide Web}, 
year={1997}, 
pages={12-21}, 
keywords={Internet;cache storage;data integrity;telecommunication traffic;Time-To-Live;World-Wide Web;adaptive TTL;average client response time;invalidation based protocol;network traffic;polling-every-time;server workload;simulated environment;strong cache consistency;trace replay;weak consistency methods;Access protocols;Computer science;Costs;Delay;Network servers;Prototypes;Telecommunication traffic;Web server;Web sites;World Wide Web}, 
doi={10.1109/ICDCS.1997.597804}, 
ISSN={1063-6927},}

@article{gray89,
 author = {Gray, C. and Cheriton, D.},
 title = {Leases: an efficient fault-tolerant mechanism for distributed file cache consistency},
 journal = {SIGOPS Oper. Syst. Rev.},
 issue_date = {Dec. 3\&\#8211;6, 1989},
 volume = {23},
 number = {5},
 month = nov,
 year = {1989},
 issn = {0163-5980},
 pages = {202--210},
 numpages = {9},
 url = {http://doi.acm.org/10.1145/74851.74870},
 doi = {10.1145/74851.74870},
 acmid = {74870},
 publisher = {ACM},
 address = {New York, NY, USA},
} 

@INPROCEEDINGS{gwertzman96,
    author = {James Gwertzman and Margo Seltzer},
    title = {World-Wide Web Cache Consistency},
    booktitle = {PROCEEDINGS OF THE 1996 USENIX TECHNICAL CONFERENCE},
    year = {1996},
    pages = {141--151},
    publisher = {}
}

@MISC{wcdp,
    author = {Renu Tewari Thirumale and Renu Tewari and Thirumale Niranjan and Srikanth Ramamurthy},
    title = {WCDP: A protocol for web cache consistency},
    year = {}
}

@ARTICLE{akamai,
    author = {John Dilley and Bruce Maggs and Jay Parikh and Harald Prokop and Bill Weihl},
    title = {Globally Distributed Content Delivery},
    journal = {IEEE Internet Computing},
    year = {2002},
    volume = {6},
    pages = {50--58}
}

@INPROCEEDINGS{xFS,
    author = {Randolph Wang and Olph Y. Wang and Thomas E. Anderson},
    title = {xFS: A Wide Area Mass Storage File System},
    booktitle = {In Fourth Workshop on Workstation Operating Systems},
    year = {1993},
    pages = {71--78}
}

@Misc{memcache,
	key	= "Memcache",
	title   = "{Memcache}",
        note    = "\url{http://www.memcached.org/}"
}

@Misc{metacdn,
	key	= "MetaCDN",
	title   = "{MetaCDN}",
        note    = "\url{http://www.metacdn.com/}"
}

@Misc{cdn.net,
	key	= "CDN.net",
	title   = "{CDN.net}",
        note    = "\url{http://www.cdn.net/}"
}

@INPROCEEDINGS{metastorage, 
author={Bermbach, D. and Klems, M. and Tai, S. and Menzel, M.}, 
booktitle={Cloud Computing (CLOUD), 2011 IEEE International Conference on}, title={MetaStorage: A Federated Cloud Storage System to Manage Consistency-Latency Tradeoffs}, 
year={2011}, 
pages={452-459}, 
keywords={cloud computing;storage management;Amazon Dynamo mechanism;cloud storage providers;consistency-latency tradeoff management;cross-provider replication;distributed hash table;federated cloud storage system;metastorage;traditional quorum configuration;vendor lock-in effect;Availability;Business;Cloud computing;Generators;Google;Scalability;Sea measurements;Cloud Computing;Cloud Storage;Data storage systems;Distributed Computing;Distributed Databases;Faul tolerance;Fault tolerant systems;Middleware;Redundancy;Vendor Lock-in;Web services}, 
doi={10.1109/CLOUD.2011.62}, 
ISSN={2159-6182},}

@Misc{riverbed-gateway,
	key	= "Riverbed Gateway",
	title   = "{Riverbed Gateway}",
        note    = "\url{http://www.riverbed.com/us/company/news/press_releases/2011/press_060711.php}"
}

@Misc{amazon-gateway,
	key	= "Amazon Gateway",
	title   = "{Amazon Gateway}",
        note    = "\url{http://aws.amazon.com/storagegateway/}"
}

@Misc{twinstrata-gateway,
	key	= "Twinstrata Gateway",
	title   = "{Twinstrata Gateway}",
        note    = "\url{http://www.twinstrata.com/}"
}

@Misc{mod_dav,
	key	= "Apache mod\_dav",
	title   = "{Apache mod\_dav}",
        note    = "\url{http://httpd.apache.org/docs/2.2/mod/mod_dav.html}"
}

@Misc{citrix,
	key	= "Citrix VDI-in-a-Box",
	title   = "{Citrix VDI-in-a-Box}",
        note    = "\url{http://www.citrix.com/products/vdi-in-a-box/overview.html}"
}

@Misc{mokafive,
	key	= "Mokafive",
	title   = "{Mokafive}",
        note    = "\url{http://www.mokafive.com}"
}

@Misc{google-appengine,
	key	= "Google App Engine",
	title   = "{Google App Engine}",
        note    = "\url{https://developers.google.com/appengine/}"
}

@INPROCEEDINGS{bigtable,
    author = {Fay Chang and Jeffrey Dean and Sanjay Ghemawat and Wilson C. Hsieh and Deborah A. Wallach and Mike Burrows and Tushar Chandra and Andrew Fikes and Robert E. Gruber},
    title = {Bigtable: A distributed storage system for structured data},
    booktitle = {PROCEEDINGS OF THE 7TH CONFERENCE ON USENIX SYMPOSIUM ON OPERATING SYSTEMS DESIGN AND IMPLEMENTATION - VOLUME 7},
    year = {2006},
    pages = {205--218},
    publisher = {}
}

@INPROCEEDINGS{megastore,
   author = {Jason Baker and Chris Bond and James C. Corbett and JJ Furman and Andrey Khorlin and James Larson and Jean-Michel Leon and Yawei Li and Alexander Lloyd and Vadim Yushprakh},
   title = {Megastore: Providing Scalable, Highly-Available Storage for Interactive Services},
   booktitle = {PROCEEDINGS OF THE 5TH BIENNIAL CONFERENCE ON INNOVATIVE DATA SYSTEMS RESEARCH},
   year = {2011},
   pages = {223--234},
   publisher = {}
}


@INPROCEEDINGS{hyperdex,
    author = {Robert Escriva and Bernard Wong and Emin Gün Sirer},
    title = {A Distributed, Searchable Key-Value Store},
    booktitle = {PROCEEDINGS OF SIGCOMM 2012},
    year = {2012},
    publisher = {ACM}
}

@MISC{delta-consistency,
    author = {Francisco J. Torres-Rojas and Mustaque Ahamad and Michel Raynal},
    title = {Timed Consistency for Shared Distributed Objects},
    year = {1999}
}

@article{last-write-wins,
 author = {Thomas, Robert H.},
 title = {A Majority consensus approach to concurrency control for multiple copy databases},
 journal = {ACM Trans. Database Syst.},
 issue_date = {June 1979},
 volume = {4},
 number = {2},
 month = jun,
 year = {1979},
 issn = {0362-5915},
 pages = {180--209},
 numpages = {30},
 url = {http://doi.acm.org/10.1145/320071.320076},
 doi = {10.1145/320071.320076},
 acmid = {320076},
 publisher = {ACM},
 address = {New York, NY, USA},
 keywords = {clock synchronization, computer networks, concurrency control, distributed computation, distributed control, distributed databases, multiprocess systems, update synchronization},
} 

@article{paxos,
author={L. Lamport},
title={Paxos Made Simple},
journal={ACM SIGACT News (Distributed Computing Column)},
volume=32,
number=4,
pages={51--58},
month=dec,
year=2001
}

@inproceedings{ccnx,
author={Van Jacobson and Diana K. Smetters and James D. Thorton and Michael F. Plass and Nicholas H. Briggs and Rebecca L. Braynard},
title={Networking Named Content},
booktitle={PROCEEDINGS OF THE 5TH CONFERENCE ON EMERGING NETWORKING EXPERIMENTS AND TECHNOLOGIES},
year={2009},
publisher={ACM}
}

@inproceedings{dona,
author={Teemu Koponen and Mohit Chawla and Byung-Gon Chun and Andrey Ermolinskiy and Kye Hyun Kim and Scott Schenker and Ion Stoica},
title={A Data-oriented (and Beyond) Network Architecture},
booktitle={PROCEEDINGS OF SIGCOMM 2007},
year={2007},
publisher={ACM}
}

@inproceedings{triad,
author={Mark Gritter and David R. Cheriton},
title={An Architecture for Content Routing Support in the Internet},
booktitle={PROCEEDINGS OF THE 3RD USENIX SYMPOSIUM ON INTERNET TECHNOLOGIES AND SYSTEMS},
year={2001},
publisher={USENIX}
}

@inproceedings{scalable-byzantine-agreement,
author={Valerie King and Jared Saia},
title={Breaking the O(n2) Bit Barrier: Scalable Byzantine agreement with Adaptive Adversary},
booktitle={PROCEEDINGS OF THE 29TH ACM SYMPOSIUM ON PRINCIPLES OF DISTRIBUTED COMPUTING},
year={2010},
publisher={ACM}
}

@inproceedings{oceanstore,
author={Sean Rhea and Patrick Eaton and Dennis Geels and Hakim Weatherspoon and Ben Zhao and John Kubiatowicz},
title={Pond: the OceanStore Prototype},
booktitle={PROCEEDINGS OF THE 2ND USENIX CONFERENCE ON FILE AND STORAGE TECHNOLOGIES},
year={2003},
publisher={USENIX}
}

@inproceedings{farsite,
title={FARSITE: Federated, Available, and Reliable Storage for an Incompletely Trusted Environment},
author={Atul Adya and William J. Bolosky and Miguel Castro and Ronnie Chaiken and Gerald Cermak and John R. Douceur and Jon Howell and Jacob R. Lorch and Marvin Theimer and Roger P. Wattenhofer},
booktitle={PROCEEDINGS OF THE 5TH USENIX SYMPOSIUM ON OPERATING SYSTEMS DESIGN AND IMPLEMENTATION},
year={2002},
publisher={USENIX}
}


@inproceedings{CFS,
title={Wide-area cooperative storage with CFS},
author={Frank Dabek and M. Frans Kaashoek and David Karger and Robert Morris and and Ion Stoica},
booktitle={PROCEEDINGS OF THE 18TH ACM SYMPOSIUM ON OPERATING SYSTEM PRINCIPLES},
year={2001},
publisher={ACM}
}

@inproceedings{ivy,
title={Ivy: A Read/Write Peer-to-Peer File System},
author={Athicha Muthitacharoen and Robert Morris and Thomer M. Gil and Benjie Chen},
booktitle={PROCEEDINGS OF THE 5TH USENIX SYMPOSIUM ON OPERATING SYSTEMS DESIGN AND IMPLEMENTATION},
year={2002},
publisher={USENIX}
}


@misc{odbc,
   key = "Microsoft, Inc.",
   title="{Open Database Connectivity}",
   note = "\url{http://support.microsoft.com/kb/110093}"
}


@inproceedings{spanner,
author={James C. Corbett and Jeffrey Dean and Michael Epstein and Andrew Fikes and Christopher Frost and JJ Furman and Sanjay Ghemawat and Andrey Gubarev and Christopher Heiser and Peter Hochschild and Wilson Hsieh and Sebastian Kanthak and Eugene Kogan and  Hongyi Li and Alexander Lloyd and Sergey Melnik and David Mwaura and David Nagle and Sean Quinlan and Rajesh Rao and Lindsay Rolig and Yasushi Saito and Michal Szymaniak and Christopher Taylor and Ruth Wang and Dale Woodford},
title={Spanner: Google’s Globally-Distributed Database},
booktitle={PROCEEDINGS OF THE 10TH USENIX SYMPOSIUM ON OPERATING SYSTEMS DESIGN AND IMPLEMENTATION},
year={2012},
publisher={USENIX}
}

@misc{google-appengine-status,
   key= "Google, Inc",
   title = "{Google AppEngine System Status}",
   note = "\url{https://code.google.com/status/appengine}"
}

@misc{tahoe-lafs,
   title="{Tahoe Least-Authority File System}",
   key = "Least Authority Enterprises",
   note = "\url{https://tahoe-lafs.org/trac/tahoe-lafs}"
}

@inproceedings{freefactories,
author={Alexander Wait Zaranek and Tom Clegg and Ward Vandewege and and George M. Church},
title={Free Factories: Unified Infrastructure for Data Intensive Web Services},
booktitle={PROCEEDINGS OF THE 2008 USENIX ANNUAL TECHNICAL CONFERENCE},
year={2008},
publisher={USENIX}
}

@inproceedings{plan9,
author={Rob Pike and Dave Presotto and Ken Thompson and Howard Trickey},
title={Plan 9 from Bell Labs},
booktitle={Computing Systems},
year={1995},
publisher={USENIX},
pages={221-254}
}

@inproceedings{openid,
 author = {Recordon, David and Reed, Drummond},
 title = {OpenID 2.0: a platform for user-centric identity management},
 booktitle = {Proceedings of the second ACM workshop on Digital identity management},
 series = {DIM '06},
 year = {2006},
 isbn = {1-59593-547-9},
 location = {Alexandria, Virginia, USA},
 pages = {11--16},
 numpages = {6},
 url = {http://doi.acm.org/10.1145/1179529.1179532},
 doi = {10.1145/1179529.1179532},
 acmid = {1179532},
 publisher = {ACM},
 address = {New York, NY, USA},
 keywords = {authentication, authorization, identity, open source, open standard, user-centric},
} 

@inproceedings{cfdt,
 author = {Shapiro, Marc and Pregui\c{c}a, Nuno and Baquero, Carlos and Zawirski, Marek},
 title = {Conflict-free replicated data types},
 booktitle = {Proceedings of the 13th international conference on Stabilization, safety, and security of distributed systems},
 series = {SSS'11},
 year = {2011},
 isbn = {978-3-642-24549-7},
 location = {Grenoble, France},
 pages = {386--400},
 numpages = {15},
 url = {http://dl.acm.org/citation.cfm?id=2050613.2050642},
 acmid = {2050642},
 publisher = {Springer-Verlag},
 address = {Berlin, Heidelberg},
 keywords = {eventual consistency, large-scale distributed systems, replicated shared objects},
} 

@MISC{end-to-end,
    author = {Jerome H. Saltzer and David P. Reed and David D. Clark},
    title = {End-To-End Arguments In System Design},
    year = {1984}
}

@inproceedings{bolt-on-causal-consistency,
 author = {Bailis, Peter and Ghodsi, Ali and Hellerstein, Joseph M. and Stoica, Ion},
 title = {Bolt-on causal consistency},
 booktitle = {Proceedings of the 2013 ACM SIGMOD International Conference on Management of Data},
 series = {SIGMOD '13},
 year = {2013},
 isbn = {978-1-4503-2037-5},
 location = {New York, New York, USA},
 pages = {761--772},
 numpages = {12},
 url = {http://doi.acm.org/10.1145/2463676.2465279},
 doi = {10.1145/2463676.2465279},
 acmid = {2465279},
 publisher = {ACM},
 address = {New York, NY, USA},
 keywords = {causal consistency, eventual consistency, separation of concerns},
} 

@inproceedings{deuteronomy,
  author    = {Justin J. Levandoski and
               David B. Lomet and
               Mohamed F. Mokbel and
               Kevin Zhao},
  title     = {Deuteronomy: Transaction Support for Cloud Data},
  booktitle = {CIDR},
  year      = {2011},
  pages     = {123-133},
  ee        = {http://www.cidrdb.org/cidr2011/Papers/CIDR11_Paper14.pdf},
  crossref  = {DBLP:conf/cidr/2011},
  bibsource = {DBLP, http://dblp.uni-trier.de}
}
@proceedings{DBLP:conf/cidr/2011,
  title     = {CIDR 2011, Fifth Biennial Conference on Innovative Data
               Systems Research, Asilomar, CA, USA, January 9-12, 2011,
               Online Proceedings},
  booktitle = {CIDR},
  publisher = {www.cidrdb.org},
  year      = {2011},
  bibsource = {DBLP, http://dblp.uni-trier.de}
}

@inproceedings{g-store,
 author = {Das, Sudipto and Agrawal, Divyakant and El Abbadi, Amr},
 title = {G-Store: a scalable data store for transactional multi key access in the cloud},
 booktitle = {Proceedings of the 1st ACM symposium on Cloud computing},
 series = {SoCC '10},
 year = {2010},
 isbn = {978-1-4503-0036-0},
 location = {Indianapolis, Indiana, USA},
 pages = {163--174},
 numpages = {12},
 url = {http://doi.acm.org/10.1145/1807128.1807157},
 doi = {10.1145/1807128.1807157},
 acmid = {1807157},
 publisher = {ACM},
 address = {New York, NY, USA},
 keywords = {cloud computing, consistency, key-value stores, multi key access},
} 

@inproceedings{scatter,
 author = {Glendenning, Lisa and Beschastnikh, Ivan and Krishnamurthy, Arvind and Anderson, Thomas},
 title = {Scalable consistency in Scatter},
 booktitle = {Proceedings of the Twenty-Third ACM Symposium on Operating Systems Principles},
 series = {SOSP '11},
 year = {2011},
 isbn = {978-1-4503-0977-6},
 location = {Cascais, Portugal},
 pages = {15--28},
 numpages = {14},
 url = {http://doi.acm.org/10.1145/2043556.2043559},
 doi = {10.1145/2043556.2043559},
 acmid = {2043559},
 publisher = {ACM},
 address = {New York, NY, USA},
 keywords = {Paxos, consistency, distributed systems, distributed transactions, fault tolerance, scalability, storage},
} 

@INPROCEEDINGS{kerberos,
    author = {Jennifer G. Steiner and Clifford Neuman and Jeffrey I. Schiller},
    title = {Kerberos: An Authentication Service for Open Network Systems},
    booktitle = {in Usenix Conference Proceedings},
    year = {1988},
    pages = {191--202}
}

@article{shibboleth,
    abstract = {The Fifth Annual Educause Current Issues Survey ranked "security and identity management" near the top of the list of critical {IT} challenges on campus today. Recognition of the crucial importance of securing networked resources led Internet2 to establish its Middleware Initiative ({I2MI}) in 1999. While Internet2 was founded to develop and deploy advanced network technologies and applications, it was clear from the start that high-speed networks would simply provide a quicker path to abuse unless improved methods of managing and controlling access to resources were developed and deployed along with those networks. {I2MI} has brought together campus middleware architects to work on fundamental issues in authentication, authorization, and directory services to make secure inter-institutional services possible and practical. The most innovative {I2MI} effort to date is the Shibboleth Project. Its primary product, the Shibboleth System (often called just Shibboleth), provides an effective solution for secure multi-organizational access to Web resources. In this article, the authors describe how it works, its key features, and how it is designed to meet the needs of the higher education and research communities and their partners. (Contains 2 endnotes.)},
    author = {Morgan, R. L. and Cantor, Scott and Carmody, Steven and Hoehn, Walter and Klingenstein, Ken},
    citeulike-article-id = {9429719},
    citeulike-linkout-0 = {http://www.eric.ed.gov/ERICWebPortal/detail?accno=EJ854029},
    day = {0},
    journal = {EDUCAUSE Quarterly},
    month = {},
    number = {4},
    pages = {12--17},
    posted-at = {2011-07-28 18:58:57},
    priority = {2},
    publisher = {EDUCAUSE. 4772 Walnut Street Suite 206, Boulder, CO 80301-2538. Tel: 303-449-4430; Fax: 303-440-0461; e-mail: info@educause.edu; Web site: http://www.educause.edu},
    title = {Federated Security: The Shibboleth Approach},
    url = {http://www.eric.ed.gov/ERICWebPortal/detail?accno=EJ854029},
    volume = {27},
    year = {2004}
}

@misc{oauth,
   key = "The OAuth 2.0 Authorization Framework",
   title = "{The OAuth 2.0 Authorization Framework}",
   note = "\url{http://tools.ietf.org/html/rfc6749}"
}

@INPROCEEDINGS{bayou,
    author = {Douglas Terry and Marvin Theimer and Karin Petersen and Alan Demers and Mike Spreitzer and Carl Hauser},
    title = {Managing Update Conflicts in Bayou, a Weakly Connected Replicated Storage System},
    booktitle = {In Proceedings of the Fifteenth ACM Symposium on Operating Systems Principles},
    year = {1995},
    pages = {172--183}
}

@TECHREPORT{practi,
    author = {Mike Dahlin and Lei Gao and Amol Nayate and Arun Venkataramani and Praveen Yalagandula and Jiandan Zheng},
    title = {PRACTI replication for large-scale systems},
    institution = {},
    year = {2004}
}

@inproceedings{chord,
 author = {Stoica, Ion and Morris, Robert and Karger, David and Kaashoek, M. Frans and Balakrishnan, Hari},
 title = {Chord: A scalable peer-to-peer lookup service for internet applications},
 booktitle = {Proceedings of the 2001 conference on Applications, technologies, architectures, and protocols for computer communications},
 series = {SIGCOMM '01},
 year = {2001},
 isbn = {1-58113-411-8},
 location = {San Diego, California, USA},
 pages = {149--160},
 numpages = {12},
 url = {http://doi.acm.org/10.1145/383059.383071},
 doi = {10.1145/383059.383071},
 acmid = {383071},
 publisher = {ACM},
 address = {New York, NY, USA},
} 

@inproceedings{kademlia,
 author = {Maymounkov, Petar and Mazi\`{e}res, David},
 title = {Kademlia: A Peer-to-Peer Information System Based on the XOR Metric},
 booktitle = {Revised Papers from the First International Workshop on Peer-to-Peer Systems},
 series = {IPTPS '01},
 year = {2002},
 isbn = {3-540-44179-4},
 pages = {53--65},
 numpages = {13},
 url = {http://dl.acm.org/citation.cfm?id=646334.687801},
 acmid = {687801},
 publisher = {Springer-Verlag},
 address = {London, UK, UK},
} 

@inproceedings{pastry,
 author = {Rowstron, Antony I. T. and Druschel, Peter},
 title = {Pastry: Scalable, Decentralized Object Location, and Routing for Large-Scale Peer-to-Peer Systems},
 booktitle = {Proceedings of the IFIP/ACM International Conference on Distributed Systems Platforms Heidelberg},
 series = {Middleware '01},
 year = {2001},
 isbn = {3-540-42800-3},
 pages = {329--350},
 numpages = {22},
 url = {http://dl.acm.org/citation.cfm?id=646591.697650},
 acmid = {697650},
 publisher = {Springer-Verlag},
 address = {London, UK, UK},
} 


@INPROCEEDINGS{dot,
    author = {Niraj Tolia and Michael Kaminsky and David G. Andersen and Swapnil Patil},
    title = {An Architecture for Internet Data Transfer},
    booktitle = {In Proc. 3rd Symposium on Networked Systems Design and Implementation (NSDI},
    year = {2006},
    pages = {253--266}
}

@book{irods,
 author = {Rajasekar, Arcot and Moore, Reagan and Hou, Chien-yi and Lee, Christopher A. and Marciano, Richard and de Torcy, Antoine and Wan, Michael and Schroeder, Wayne and Chen, Sheau-Yen and Gilbert, Lucas and Tooby, Paul and Zhu, Bing},
 title = {iRODS Primer: integrated Rule-Oriented Data System},
 year = {2010},
 isbn = {1608453332, 9781608453337},
 publisher = {Morgan and Claypool Publishers},
}

@inproceedings{cern-vmfs,
 author = {Blomer, Jakob and Buncic, Predrag and Fuhrmann, Thomas},
 title = {CernVM-FS: delivering scientific software to globally distributed computing resources},
 booktitle = {Proceedings of the first international workshop on Network-aware data management},
 series = {NDM '11},
 year = {2011},
 isbn = {978-1-4503-1132-8},
 location = {Seattle, Washington, USA},
 pages = {49--56},
 numpages = {8},
 url = {http://doi.acm.org/10.1145/2110217.2110225},
 doi = {10.1145/2110217.2110225},
 acmid = {2110225},
 publisher = {ACM},
 address = {New York, NY, USA},
 keywords = {cloud computing, distributed file cache, distributed file system, gossip protocol, peer-to-peer computing},
} 


@MISC{folding-at-home,
    author = {Stefan M. Larson and Christopher D. Snow and Michael Shirts and Vijay S. P and Vijay S. Pande},
    title = {Folding@Home and Genome@Home: Using distributed computing to tackle previously intractable problems in computational biology},
    year = {}
}

@misc{git,
    author = {Linus Torvalds},
    key = "git",
    title = "{git}",
    note = "\url{http://git-scm.com/}"
}

@misc{google-docs,
    key = "google-docs",
    title = "Google Documents",
    note = "\url{https://docs.google.com/}"
}

@inproceedings{hdfs,
 author = {Shvachko, Konstantin and Kuang, Hairong and Radia, Sanjay and Chansler, Robert},
 title = {The Hadoop Distributed File System},
 booktitle = {Proceedings of the 2010 IEEE 26th Symposium on Mass Storage Systems and Technologies (MSST)},
 series = {MSST '10},
 year = {2010},
 isbn = {978-1-4244-7152-2},
 pages = {1--10},
 numpages = {10},
 url = {http://dx.doi.org/10.1109/MSST.2010.5496972},
 doi = {10.1109/MSST.2010.5496972},
 acmid = {1914427},
 publisher = {IEEE Computer Society},
 address = {Washington, DC, USA},
} 

@misc{aura-rr,
   key = "Aura Request router",
   title = "{Aura Lumen: Request Router}",
   note = "\url{http://www.akamai.com/dl/product_briefs/Aura_Lumen_Request_Router.pdf}"
}

@misc{gae-appstats,
    key = "Appstats for Python",
    title = "{Appstats for Python}",
    note = "\url{https://developers.google.com/appengine/docs/python/tools/appstats}"
}

@misc{chromeos,
    key = "Google Chrome OS",
    title = "{Google Chrome OS}",
    note = "\url{http://www.chromium.org/chromium-os}"
}

@misc{s3fs,
    key = "Amazon S3 Filesystem",
    title = "{FUSE-based Filesystem backed by Amazon S3}",
    note = "\url{https://code.google.com/p/s3fs/}"
}

@misc{encfs,
    key = "encfs",
    title = "{EncFS Encrypted Filesystem}",
    note = "\url{http://www.arg0.net/encfs}"
}


    
